%
%  An example of a bibliographical database for bibTeX
%
%  Recommended software for maintenance of *.bib files:
%    JabRef, http://jabref.sourceforge.net/
%
%  BEWARE:
%
%    *  If a name contains a capital letter, which must be kept such,
%       use curly brackets ({T}hailand, {HIV}).
%
%  ===========================================================================

@BOOK{model,
  title = {Fundamentals of Model Theory},
  year = {2015},
  author = {William Weiss and Cherie D’Mello},
  url= {http://www.math.toronto.edu/weiss/model_theory.pdf}
}

@book{neural,
    title={Deep Learning},
    author={Ian Goodfellow and Yoshua Bengio and Aaron Courville},
    publisher={MIT Press},
    note={\url{http://www.deeplearningbook.org}},
    year={2016}
}

@misc{tf,
title={ {TensorFlow}: Large-Scale Machine Learning on Heterogeneous Systems},
url={https://www.tensorflow.org/},
note={Software available from tensorflow.org},
author={
    Mart\'{\i}n~Abadi and
    Ashish~Agarwal and
    Paul~Barham and
    Eugene~Brevdo and
    Zhifeng~Chen and
    Craig~Citro and
    Greg~S.~Corrado and
    Andy~Davis and
    Jeffrey~Dean and
    Matthieu~Devin and
    Sanjay~Ghemawat and
    Ian~Goodfellow and
    Andrew~Harp and
    Geoffrey~Irving and
    Michael~Isard and
    Yangqing Jia and
    Rafal~Jozefowicz and
    Lukasz~Kaiser and
    Manjunath~Kudlur and
    Josh~Levenberg and
    Dandelion~Man\'{e} and
    Rajat~Monga and
    Sherry~Moore and
    Derek~Murray and
    Chris~Olah and
    Mike~Schuster and
    Jonathon~Shlens and
    Benoit~Steiner and
    Ilya~Sutskever and
    Kunal~Talwar and
    Paul~Tucker and
    Vincent~Vanhoucke and
    Vijay~Vasudevan and
    Fernanda~Vi\'{e}gas and
    Oriol~Vinyals and
    Pete~Warden and
    Martin~Wattenberg and
    Martin~Wicke and
    Yuan~Yu and
    Xiaoqiang~Zheng},
  year={2015},
}

@BOOK{group,
	title={Teorie grup: základní aspekty},
	publisher={Karolinum},
	year={2000},
	author={Aleš Drápal},
	isbn={80-246-0162-1},
	city={Prague}
}

@BOOK{logic,
  title = {Introduction to {M}athematical {L}ogic},
  publisher = {Chapman \& Hall},
  year = {1997},
  author = {Elliot Mendelson},
  series = {Fourth edition},
  isbn = {0 412 80830 7}
}

@ARTICLE{relu1,
  author = {Vinod Nair and Geoffrey E Hinton},
  title = {Rectified linear units improve restricted boltzmann machines},
  journal = {International Conference on Machine Learning},
  year = {2010},
}

@ARTICLE{relu2,
  author = {Kevin Jarrett and
   Koray Kavukcuoglu and
   Marc’Aurelio Ranzato and
   Yann LeCun},
  title = {What is the Best Multi-Stage Architecture for Object Recognition?},
  journal = {2009 IEEE 12th International Conference on Computer Vision,},
  year = {2009},
}

@ARTICLE{relu3,
  author = {Richard HR Hahnloser and
   Rahul Sarpeshkar and
   Misha A Mahowald and
   Rodney J Douglas and
   H Sebastian Seung},
  title = {Digital selection and analogue amplification coexist in a cortex-inspired silicon circuit},
  journal = {Nature},
  year = {2000},
  volume = 405,
  number = 6789
}

@ARTICLE{DempsterLairdRubin77,
  author = {Dempster, A. P. and Laird, N. M. and Rubin, D. B.},
  title = {Maximum likelihood from incomplete data via the {EM} algorithm},
  journal = {Journal of the Royal Statistical Society, Series B},
  year = {1977},
  volume = {39},
  pages = {1--38},
  number = {1}
}

@ARTICLE{Genberget08,
  author = {Genberg, B. L. and Kulich, M. and Kawichai, S. and Modiba, P. and
	Chingono, A. and Kilonzo, G. P. and Richter, L. and Pettifor, A.
	and Sweat, M. and Celentano, D. D.},
  title = {{HIV} risk behaviors in Sub-{S}aharan {A}frica and {N}orthern {T}hailand:
	{B}aseline behavioral data from project {A}ccept},
  journal = {Journal of Acquired Immune Deficiency Syndrome},
  year = {2008},
  volume = {49},
  pages = {309--319}
}

@ARTICLE{adam,
  author = {Diederik P. Kingma and Jimmy Ba},
  title = {Adam: A Method for Stochastic Optimization},
  journal = {Journal of the American Statistical Association},
  url={https://arxiv.org/pdf/1412.6980.pdf}
}

@ARTICLE{lrelu,
  author = {Andrew L Maas and Awni Y Hannun and and Andrew Y Ng},
  title = {Rectifier Nonlinearities Improve Neural Network Acoustic Models},
  journal = {International Conference on Machine Learning},
  volume={30},
  year={2013}
}

@ARTICLE{imagenet_relu,
  author = {Alex Krizhevsky and Ilya Sutskever and Geoffrey E Hinton.},
  title = {Imagenet classification with deep convolutional neuralnetworks},
  journal = {Advances in Neural Information Processing Systems},
  year = {2012},
  pages = {1097–1105}
}

@ARTICLE{parametric_relu,
	author={Kaiming He and Xiangyu Zhang and Shaoqing Ren and Jian Sun},
	title={ Delving Deep into Rectifiers:Surpassing Human-Level Performance on ImageNet Classification},
	journal={Proceedings of the IEEE international conference on com-puter vision},
	year = {2015},
	pages={1026–1034}
}

@misc{swish,
	title={Searching for Activation Functions},
	author={Prajit Ramachandran and Barret Zoph and Quoc V. Le},
	year={2018},
	url={https://openreview.net/forum?id=SkBYYyZRZ},
}

@ARTICLE{elu,
	author={Djork-Arn é Clevert and Thomas Unterthiner and Sepp Hochreiter},
	title={Fast and accurate deep network learning byexponential linear units (elus)},
	note={arXiv preprint arXiv:1511.07289},
	year=2015
}

@ARTICLE{backprop,
	author={David E. Rumelhart and Geoffrey E. Hinton and Ronald J. Williams},
	title={Learning representations by back-propagating errors},
	journal={Nature},
	year={1986},
	volume={323},
	pages={533-536}
}

@article{serafini,
  author    = {Luciano Serafini and
               Artur S. d'Avila Garcez},
  title     = {Logic Tensor Networks: Deep Learning and Logical Reasoning from Data
               and Knowledge},
  journal   = {CoRR},
  volume    = {abs/1606.04422},
  year      = {2016},
  url       = {http://arxiv.org/abs/1606.04422},
  archivePrefix = {arXiv},
  eprint    = {1606.04422},
  timestamp = {Mon, 13 Aug 2018 16:47:36 +0200},
  biburl    = {https://dblp.org/rec/bib/journals/corr/SerafiniG16},
  bibsource = {dblp computer science bibliography, https://dblp.org}
}

@article{fuzzy, title={Petr Hájek. Metamathematics of fuzzy logic. Trends in logic, vol. 4. Kluwer Academic Publishers, Dordrecht, Boston, and London, 1998, viii   297 pp.}, volume={6}, DOI={10.2307/421060}, number={3}, journal={Bulletin of Symbolic Logic}, publisher={Cambridge University Press}, author={Pelletier, Francis Jeffry}, year={2000}, pages={342–346}}